<record><leader>00000cas a2200000 a 4500</leader><controlfield tag="001">7629123</controlfield><controlfield tag="007">hd afv---baca</controlfield><controlfield tag="008">810730d18271833ctuwr nea     0    0eng c</controlfield><datafield ind1=" " ind2=" " tag="010"><subfield code="a">sn 97027909 </subfield></datafield><datafield ind1=" " ind2=" " tag="040"><subfield code="a">PLF</subfield><subfield code="b">eng</subfield><subfield code="c">PLF</subfield><subfield code="d">PES</subfield><subfield code="d">DLC</subfield><subfield code="d">FUG</subfield><subfield code="d">DLC</subfield><subfield code="d">OCL</subfield><subfield code="d">DLC</subfield><subfield code="d">OCLCQ</subfield><subfield code="d">OCLCF</subfield><subfield code="d">OCLCO</subfield><subfield code="d">OCLCQ</subfield></datafield><datafield ind1=" " ind2=" " tag="042"><subfield code="a">pcc</subfield></datafield><datafield ind1=" " ind2=" " tag="043"><subfield code="a">n-us-ct</subfield></datafield><datafield ind1=" " ind2="4" tag="050"><subfield code="a">AP2</subfield><subfield code="b">.A377 2nd ser reel 889-reel 890</subfield></datafield><datafield ind1="0" ind2="0" tag="245"><subfield code="a">Episcopal watchman.</subfield></datafield><datafield ind1=" " ind2=" " tag="260"><subfield code="a">Hartford :</subfield><subfield code="b">[publisher not identified],</subfield><subfield code="c">1827-1833.</subfield><subfield code="e">([Hartford :</subfield><subfield code="f">H. &amp; F.J. Huntington])</subfield></datafield><datafield ind1=" " ind2=" " tag="300"><subfield code="a">7 volumes ;</subfield><subfield code="c">29-54 cm</subfield></datafield><datafield ind1=" " ind2=" " tag="310"><subfield code="a">Weekly</subfield></datafield><datafield ind1=" " ind2=" " tag="336"><subfield code="a">text</subfield><subfield code="b">txt</subfield><subfield code="2">rdacontent</subfield></datafield><datafield ind1=" " ind2=" " tag="337"><subfield code="a">microform</subfield><subfield code="b">h</subfield><subfield code="2">rdamedia</subfield></datafield><datafield ind1=" " ind2=" " tag="338"><subfield code="a">microfilm reel</subfield><subfield code="b">hd</subfield><subfield code="2">rdacarrier</subfield></datafield><datafield ind1="0" ind2=" " tag="362"><subfield code="a">Vol. 1, no. 1 (Mar. 26, 1827)-v. 7, no. 26 (Nov. 2, 1833) = [whole no. 1]-whole no. 337.</subfield></datafield><datafield ind1=" " ind2=" " tag="500"><subfield code="a">The Episcopal Watchman was established to fill the void left by the Churchman's Magazine and the disappearing Gospel Advocate. Although it was largely theological in nature, portions were devoted to miscellaneous literary and scientific articles. Cf. American periodicals, 1741-1900.</subfield></datafield><datafield ind1=" " ind2=" " tag="500"><subfield code="a">Title from caption.</subfield></datafield><datafield ind1=" " ind2=" " tag="533"><subfield code="a">Microfilm.</subfield><subfield code="b">Ann Arbor, Mich. :</subfield><subfield code="c">University Microfilms,</subfield><subfield code="d">[n.d.].</subfield><subfield code="e">2 microfilm reels ; 35 mm.</subfield><subfield code="f">(American periodical series: 1800-1850 ; 889-890).</subfield></datafield><datafield ind1=" " ind2="0" tag="651"><subfield code="a">Hartford (Conn.)</subfield><subfield code="v">Newspapers.</subfield></datafield><datafield ind1=" " ind2="0" tag="651"><subfield code="a">Hartford County (Conn.)</subfield><subfield code="v">Newspapers.</subfield></datafield><datafield ind1=" " ind2="7" tag="651"><subfield code="a">Connecticut</subfield><subfield code="z">Hartford.</subfield><subfield code="2">fast</subfield><subfield code="0">(OCoLC)fst01207441</subfield></datafield><datafield ind1=" " ind2="7" tag="651"><subfield code="a">Connecticut</subfield><subfield code="z">Hartford County.</subfield><subfield code="2">fast</subfield><subfield code="0">(OCoLC)fst01211874</subfield></datafield><datafield ind1=" " ind2="7" tag="655"><subfield code="a">Newspapers.</subfield><subfield code="2">fast</subfield><subfield code="0">(OCoLC)fst01423814</subfield></datafield><datafield ind1=" " ind2=" " tag="752"><subfield code="a">United States</subfield><subfield code="b">Connecticut</subfield><subfield code="c">Hartford</subfield><subfield code="d">Hartford.</subfield></datafield><datafield ind1="1" ind2=" " tag="776"><subfield code="c">Original</subfield><subfield code="t">Episcopal watchman</subfield><subfield code="x">2160-1569</subfield><subfield code="w">(DLC)   05022318</subfield><subfield code="w">(OCoLC)1568126</subfield></datafield><datafield ind1="0" ind2="4" tag="780"><subfield code="t">Churchman's magazine</subfield><subfield code="w">(DLC)sf 88093336</subfield><subfield code="w">(OCoLC)8337205</subfield></datafield><datafield ind1="0" ind2="4" tag="780"><subfield code="t">Gospel advocate</subfield><subfield code="w">(DLC)sf 89090911</subfield><subfield code="w">(OCoLC)9806962</subfield></datafield><datafield ind1="0" ind2="4" tag="785"><subfield code="t">Churchman (New York, N.Y. : 1831)</subfield></datafield><datafield ind1=" " ind2="0" tag="830"><subfield code="a">American periodical series, 1800-1850 ;</subfield><subfield code="v">889-890.</subfield></datafield><datafield ind1="1" ind2=" " tag="029"><subfield code="a">AU@</subfield><subfield code="b">000013352569</subfield></datafield></record>